@misc{nextjs,
    author = {Vercel},
    title = {Next.js Website},
    year = {2024},
    howpublished = {\url{https://nextjs.org}},
    note = {Accessed: June 21, 2024}
}

@misc{react,
    author = {Facebook},
    title = {React Website},
    year = {2024},
    howpublished = {\url{https://reactjs.org}},
    note = {Accessed: June 21, 2024}
}

@misc{typescript,
    author = {Microsoft},
    title = {TypeScript Website},
    year = {2024},
    howpublished = {\url{https://www.typescriptlang.org}},
    note = {Accessed: June 21, 2024}
}

@misc{nodejs,
    author = {Node.js Foundation},
    title = {Node.js Website},
    year = {2024},
    howpublished = {\url{https://nodejs.org}},
    note = {Accessed: June 21, 2024}
}

@misc{prisma,
    author = {Prisma},
    title = {Prisma Website},
    year = {2024},
    howpublished = {\url{https://www.prisma.io}},
    note = {Accessed: June 21, 2024}
}

@misc{prisma-medium,
        author = {Oneal, Iben},
        title = {Why You Should Consider Prisma.io},
        year = {2022},
        howpublished = {\url{https://medium.com/@iben.oneal/why-you-should-consider-prisma-io-a5d963f68c4e}},
        note = {Accessed: June 21, 2024}
}

@misc{nextjs-react-showdown,
    author = {Jacob, Steve},
    title = {Next.js vs React.js 2024 Showdown: Choosing Your Front-End Champion},
    year = {2024},
    howpublished = {\url{https://medium.com/@stevejacob45678/next-js-vs-react-js-2024-showdown-choosing-your-front-end-champion-1ceacbdb55b4}},
    note = {Accessed: June 21, 2024}
}
